@article{koenker2019comment,
  title={Comment: Minimalist $g$-Modeling},
  author={Koenker, Roger and Gu, Jiaying and others},
  journal={Statistical Science},
  volume={34},
  number={2},
  pages={209--213},
  year={2019},
  publisher={Institute of Mathematical Statistics}
}

@incollection{james1961estimation,
  author={James, W and Stein, Charles M},
  year={1961},
  title={Estimation with quadratic loss},
  booktitle={Proceedings of the Fourth Berkeley Symposium on Mathematical Statistics and Probability},
  volume={1},
  pages={367--379},
  publisher={Berkeley and Los Angeles, University of California Press}
}

@article{markowetz2007inferring,
  title={Inferring cellular networks -- a review},
  author={Markowetz, Florian and Spang, Rainer},
  journal={BMC Bioinformatics},
  volume={8},
  number={6},
  pages={S5},
  year={2007},
  publisher={BioMed Central}
}

@phdthesis{tao2014convex,
  author       = {Sile Tao}, 
  title={Convex Duality in Nonparametric Empirical Bayes Estimation and Prediction},
  school       = {University of Alberta},
  year         = 2014
}

@article{feng2018approximate,
  title={Approximate nonparametric maximum likelihood for mixture models: A convex optimization approach to fitting arbitrary multivariate mixing distributions},
  author={Feng, Long and Dicker, Lee H},
  journal={Computational Statistics \& Data Analysis},
  volume={122},
  pages={80--91},
  year={2018},
  publisher={Elsevier}
}

@article{laird1978nonparametric,
  title={Nonparametric maximum likelihood estimation of a mixing distribution},
  author={Laird, Nan},
  journal={Journal of the American Statistical Association},
  volume={73},
  number={364},
  pages={805--811},
  year={1978},
  publisher={Taylor \& Francis Group}
}

@article{saha2020nonparametric,
  title={On the nonparametric maximum likelihood estimator for Gaussian location mixture densities with application to Gaussian denoising},
  author={Saha, Sujayam and Guntuboyina, Adityanand and others},
  journal={Annals of Statistics},
  volume={48},
  number={2},
  pages={738--762},
  year={2020},
  publisher={Institute of Mathematical Statistics}
}

@article{efron2014two,
  title={{Two modeling strategies for empirical Bayes estimation}},
  author={Efron, Bradley},
  journal={{Statistical Science}},
  volume={29},
  number={2},
  pages={285--301},
  year={2014},
  publisher={Citeseer}
}

@article{varin2011overview,
  title={An overview of composite likelihood methods},
  author={Varin, Cristiano and Reid, Nancy and Firth, David},
  journal={Statistica Sinica},
  pages={5--42},
  year={2011},
  publisher={JSTOR}
}

@article{kiefer1956consistency,
  title={Consistency of the maximum likelihood estimator in the presence of infinitely many incidental parameters},
  author={Kiefer, Jack and Wolfowitz, Jacob},
  journal={The Annals of Mathematical Statistics},
  pages={887--906},
  year={1956},
  publisher={JSTOR}
}

@article{zhang2003compound,
  title={{Compound decision theory and empirical Bayes methods}},
  author={Zhang, Cun-Hui},
  journal={{The Annals of Statistics}},
  volume={31},
  number={2},
  pages={379--390},
  year={2003},
  publisher={JSTOR}
}

@article{lindsay1983geometry,
  title={The geometry of mixture likelihoods: a general theory},
  author={Lindsay, Bruce G},
  journal={The Annals of Statistics},
  pages={86--94},
  year={1983},
  publisher={JSTOR}
}

@phdthesis{biscarri2019thesis,
  author       = {William D Biscarri}, 
  title        = {{Statistical methods for binomial and Gaussian sequences}},
  school       = {University of Illinois at Urbana-Champaign},
  year         = 2019
}

@article{lindley1962discussion,
  title={Discussion on Professor Stein's paper},
  author={Lindley, Dennis V},
  journal={Journal of the Royal Statistical Society: Series B (Methodological)},
  volume={24},
  pages={265--296},
  year={1962}
}

@article{donoho1995adapting,
  title={Adapting to unknown smoothness via wavelet shrinkage},
  author={Donoho, David L and Johnstone, Iain M},
  journal={Journal of the American Statistical Association},
  volume={90},
  number={432},
  pages={1200--1224},
  year={1995},
  publisher={Taylor \& Francis Group}
}

@techreport{johnstone2017gaussian,
  title={Gaussian estimation: Sequence and wavelet models},
  author={Johnstone, Iain M},
  year={2017},
  institution = {Department of Statistics, Stanford University, Stanford}
}

@book{fourdrinier2018shrinkage,
  title={Shrinkage estimation},
  author={Fourdrinier, Dominique and Strawderman, William E and Wells, Martin T},
  year={2018},
  publisher={Springer}
}

@inproceedings{abramovich2001locally,
  title={Locally optimal covariance matrix estimation techniques for array signal processing applications},
  author={Abramovich, YI and Spencer, NK and Gorokhov, AY},
  booktitle={Conference Record of Thirty-Fifth Asilomar Conference on Signals, Systems and Computers (Cat. No. 01CH37256)},
  volume={2},
  pages={1127--1133},
  year={2001},
  organization={IEEE}
}

@article{bickel2008regularized,
  title={Regularized estimation of large covariance matrices},
  author={Bickel, Peter J and Levina, Elizaveta and others},
  journal={The Annals of Statistics},
  volume={36},
  number={1},
  pages={199--227},
  year={2008},
  publisher={Institute of Mathematical Statistics}
}

@article{brown2009nonparametric,
  title={Nonparametric empirical Bayes and compound decision approaches to estimation of a high-dimensional vector of normal means},
  author={Brown, Lawrence D and Greenshtein, Eitan},
  journal={The Annals of Statistics},
  volume={37},
  number={4},
  pages={1685--1704},
  year={2009},
  publisher={Citeseer}
}


@article{cai2011adaptive,
  title={Adaptive thresholding for sparse covariance matrix estimation},
  author={Cai, Tony and Liu, Weidong},
  journal={Journal of the American Statistical Association},
  volume={106},
  number={494},
  pages={672--684},
  year={2011},
  publisher={Taylor \& Francis}
}


@article{fan2008high,
  title={High dimensional covariance matrix estimation using a factor model},
  author={Fan, Jianqing and Fan, Yingying and Lv, Jinchi},
  journal={Journal of Econometrics},
  volume={147},
  number={1},
  pages={186--197},
  year={2008},
  publisher={Elsevier}
}


@article{furrer2007estimation,
  title={Estimation of high-dimensional prior and posterior covariance matrices in Kalman filter variants},
  author={Furrer, Reinhard and Bengtsson, Thomas},
  journal={Journal of Multivariate Analysis},
  volume={98},
  number={2},
  pages={227--255},
  year={2007},
  publisher={Elsevier}
}


@article{higham1988computing,
  title={Computing a nearest symmetric positive semidefinite matrix},
  author={Higham, Nicholas J},
  journal={Linear algebra and its applications},
  volume={103},
  pages={103--118},
  year={1988},
  publisher={Elsevier}
}


@article{huang2017calibration,
  title={A calibration method for non-positive definite covariance matrix in multivariate data analysis},
  author={Huang, Chao and Farewell, Daniel and Pan, Jianxin},
  journal={Journal of Multivariate Analysis},
  volume={157},
  pages={45--52},
  year={2017},
  publisher={Elsevier}
}


@article{jiang2009general,
  title={General maximum likelihood empirical Bayes estimation of normal means},
  author={Jiang, Wenhua and Zhang, Cun-Hui},
  journal={The Annals of Statistics},
  volume={37},
  number={4},
  pages={1647--1684},
  year={2009},
  publisher={Institute of Mathematical Statistics}
}

@article{khan2001classification,
  title={Classification and diagnostic prediction of cancers using gene expression profiling and artificial neural networks},
  author={Khan, Javed and Wei, Jun S and Ringner, Markus and Saal, Lao H and Ladanyi, Marc and Westermann, Frank and Berthold, Frank and Schwab, Manfred and Antonescu, Cristina R and Peterson, Carsten and others},
  journal={Nature medicine},
  volume={7},
  number={6},
  pages={673--679},
  year={2001},
  publisher={Nature Publishing Group}
}


@article{koenker2014convex,
  title={Convex optimization, shape constraints, compound decisions, and empirical Bayes rules},
  author={Koenker, Roger and Mizera, Ivan},
  journal={Journal of the American Statistical Association},
  volume={109},
  number={506},
  pages={674--685},
  year={2014},
  publisher={Taylor \& Francis}
}


@article{lam2016nonparametric,
  title={Nonparametric eigenvalue-regularized precision or covariance matrix estimator},
  author={Lam, Clifford and others},
  journal={The Annals of Statistics},
  volume={44},
  number={3},
  pages={928--953},
  year={2016},
  publisher={Institute of Mathematical Statistics}
}

@article{ledoit2003improved,
  title={Improved estimation of the covariance matrix of stock returns with an application to portfolio selection},
  author={Ledoit, Olivier and Wolf, Michael},
  journal={Journal of empirical finance},
  volume={10},
  number={5},
  pages={603--621},
  year={2003},
  publisher={Elsevier}
}

@article{ledoit2004well,
  title={A well-conditioned estimator for large-dimensional covariance matrices},
  author={Ledoit, Olivier and Wolf, Michael and others},
  journal={Journal of Multivariate Analysis},
  volume={88},
  number={2},
  pages={365--411},
  year={2004},
  publisher={Elsevier}
}


@article{ledoit2012nonlinear,
  title={Nonlinear shrinkage estimation of large-dimensional covariance matrices},
  author={Ledoit, Olivier and Wolf, Michael and others},
  journal={The Annals of Statistics},
  volume={40},
  number={2},
  pages={1024--1060},
  year={2012},
  publisher={Institute of Mathematical Statistics}
}

@techreport{ledoit2018analytical,
  title={Analytical nonlinear shrinkage of large-dimensional covariance matrices},
  author={Ledoit, Olivier and Wolf, Michael},
  Institution={Department of Economics, University of Zurich},
  number={264},
  year={2018}
}

@article{ledoit2018optimal,
  title={Optimal estimation of a large-dimensional covariance matrix under Steinâ€™s loss},
  author={Ledoit, Olivier and Wolf, Michael and others},
  journal={Bernoulli},
  volume={24},
  number={4B},
  pages={3791--3832},
  year={2018},
  publisher={Bernoulli Society for Mathematical Statistics and Probability}
}

@techreport{ledoit2019quadratic,
  title={Quadratic shrinkage for large covariance matrices},
  author={Ledoit, Olivier and Wolf, Michael},
  institution={Department of Economics, University of Zurich},
  number={335},
  year={2019}
}


@inproceedings{li2017estimation,
  title={Estimation of high dimensional covariance matrices by shrinkage algorithms},
  author={Li, Jianbo and Zhou, Jie and Zhang, Bin and Li, X Rong},
  booktitle={2017 20th International Conference on Information Fusion (Fusion)},
  pages={1--8},
  year={2017},
  organization={IEEE}
}

@article{liu2017covariance,
  title={A covariance matrix shrinkage method with Toeplitz rectified target for DOA estimation under the uniform linear array},
  author={Liu, Yanyan and Sun, Xiaoying and Zhao, Shishun},
  journal={AEU-International Journal of Electronics and Communications},
  volume={81},
  pages={50--55},
  year={2017},
  publisher={Elsevier}
}


@article{mestre2008asymptotic,
  title={On the asymptotic behavior of the sample estimates of eigenvalues and eigenvectors of covariance matrices},
  author={Mestre, Xavier},
  journal={IEEE Transactions on Signal Processing},
  volume={56},
  number={11},
  pages={5353--5368},
  year={2008},
  publisher={IEEE}
}


@article{meyer2010better,
  title={Better estimates of genetic covariance matrices by "bending" using penalized maximum likelihood.},
  author={Meyer, K and Kirkpatrick, M and others},
  journal={Genetics},
  volume={185},
  number={3},
  pages={1097--1110},
  year={2010},
  publisher={Genetics Society of America}
}

@article{osareh2009classification,
  title={Classification and diagnostic prediction of cancers using gene microarray data analysis},
  author={Osareh, Alireza and Shadgar, Bita},
  journal={Journal of Applied Sciences},
  volume={9},
  number={3},
  pages={459--468},
  year={2009}
}

@inproceedings{robbins1955empirical,
  title={{An empirical Bayes approach to statistics}},
  author={Robbins, Herbert},
  booktitle={{Proceedings of the Third Berkeley Symposium on Mathematical Statistics and Probability}},
  year={1955},
  volumne={1},
  pages={157--164},
  publisher={Berkeley and Los Angeles, University of California Press}
}

@article{efron2019bayes,
  title={{Bayes, Oracle Bayes and Empirical Bayes}},
  author={Efron, Bradley},
  journal={{Statistical Science}},
  volume={34},
  number={2},
  pages={177--201},
  year={2019},
  publisher={Institute of Mathematical Statistics}
}

@inproceedings{robbins1951asymptotically,
  title={Asymptotically subminimax solutions of compound statistical decision problems},
  author={Robbins, Herbert},
  booktitle={Proceedings of the second Berkeley symposium on mathematical statistics and probability},
  year={1951},
  organization={The Regents of the University of California}
}

@article{rothman2009generalized,
  title={Generalized thresholding of large covariance matrices},
  author={Rothman, Adam J and Levina, Elizaveta and Zhu, Ji},
  journal={Journal of the American Statistical Association},
  volume={104},
  number={485},
  pages={177--186},
  year={2009},
  publisher={Taylor \& Francis}
}

@article{schafer2005shrinkage,
  title={A shrinkage approach to large-scale covariance matrix estimation and implications for functional genomics},
  author={Sch{\"a}fer, Juliane and Strimmer, Korbinian},
  journal={Statistical applications in genetics and molecular biology},
  volume={4},
  number={1},
  year={2005},
  publisher={De Gruyter}
}



@article{xue2012positive,
  title={Positive-definite $l_1$-penalized estimation of large covariance matrices},
  author={Xue, Lingzhou and Ma, Shiqian and Zou, Hui},
  journal={Journal of the American Statistical Association},
  volume={107},
  number={500},
  pages={1480--1491},
  year={2012},
  publisher={Taylor \& Francis}
}
